@inproceedings{an2014recommending,
  title={Recommending investors for crowdfunding projects},
  author={An, Jisun and Quercia, Daniele and Crowcroft, Jon},
  booktitle={Proceedings of the 23rd international conference on World wide web},
  pages={261--270},
  year={2014},
  organization={International World Wide Web Conferences Steering Committee}
}


@article{gartner1999predicting,
  title={Predicting new venture survival: an analysis of “anatomy of a start-up.” cases from Inc. Magazine},
  author={Gartner, WilliamB and Starr, JenniferA and Bhat, Subodh},
  journal={Journal of Business Venturing},
  volume={14},
  number={2},
  pages={215--232},
  year={1999},
  publisher={Elsevier}
}

@article{zhang2014feature,
  title={Feature Engineering for Knowledge Base Construction},
  author={Zhang, Ce and R{\'e}, Christopher and Sadeghian, Amir Abbas and Shan, Zifei and Shin, Jaeho and Wang, Feiran and Wu, Sen},
  journal={arXiv preprint arXiv:1407.6439},
  year={2014}
}

@inproceedings{shan2012gamerank,
  title={GameRank: Ranking and Analyzing Baseball Network},
  author={Shan, Zifei and Li, Shiyingxue and Dai, Yafei},
  booktitle={Social Informatics (SocialInformatics), 2012 International Conference on},
  pages={244--251},
  year={2012},
  organization={IEEE}
}